@Article{artykul2011,
  author       = {Autor},
  title        = {Artyku{\l} w czasopi{\'s}mie},
  journal      = {Czasopismo},
  year         = {2011},
  note         = {W materia{\l}ach {\'z}r{\'o}d{\l}owych powinny
                  znale{\'z}{\'c} si{\k{e}} tylko najwa{\.z}niejsze
                  pozycje odnosz{\k{a}}ce si{\k{e}} do nietypowych
                  sk{\l}adowych rozwi{\k{a}}zania}
}

@Book{ksiazka2011,
  author       = {Autor},
  title        = {Ksi{\k{a}}{\.z}ka},
  publisher    = {Wydawnictwo},
  year         = {2011}
}

@Misc{narzedzie2011,
  key          = {narzedzie},
  title        = {Narz{\k{e}}dzie/technologia},
  howpublished = {\url{strona.internetowa.narzedzia}}
}

@Misc{projekt2011,
  author       = {Autor},
  title        = {Inny projekt},
  howpublished = {\url{strona.internetowa.projektu}},
  year         = 2011
}
